@book{Hawking1988,
  title={A Brief History of Time},
  author={Hawking, Stephen},
  year={1988},
  publisher={Bantam Dell Publishing Group}
}